% This file was created with JabRef 2.9.2.
% Encoding: Cp1252

@ARTICLE{Cap2Bib:SWTest,
  author = {Shivani Acharya and Vidhi Pandya},
  title = {Bridge between Black Box and White Box - Gray Box Testing Technique},
  journal = {International Journal of Electronics and Computer Science Engineering},
  year = {2012},
  number = {ISSN 2277-1956/V2N1-175-185},
  month = {january},
  file = {:C\:\\Users\\WhoLeeO\\Documents\\tesisActual\\Documentos LateX\\Tesis\\bibliografia\\Haitz, R The case of a national research program on semiconductor lighting.pdf:PDF;:http\://lighting.sandia.gov/lightingdocs/hpsnl_long.pdf:URL},
  language = {english},
  owner = {WhoLeeO},
  timestamp = {2009.02.03}
}

@BOOK{Cap2Bib:Alexander,
  title = {Fundamentals of Electric Circuits},
  publisher = {McGraw-Hill Education},
  year = {2012},
  author = {Alexander, Charles and Sadiku, Matthew},
  pages = {992},
  edition = {5},
  isbn = {9780073380575},
  keywords = {Circuitos Eléctricos},
  lccn = {2011025116},
  owner = {yovany},
  timestamp = {2013.09.27}
}

@TECHREPORT{Cap2Bib:ATmega8,
  author = {{Atmel Corporation}},
  title = {8-bit Atmel with 8KBytes InSystem Programmable Flash},
  year = {2013},
  type = {Datasheet},
  number = {ATmega8, ATmega8L},
  file = {:Atmel Corporation AT90PWM232B3B.pdf:PDF;:http\://www.atmel.com/dyn/resources/prod_documents/doc4317.pdf:URL},
  keywords = {datasheet, MCU},
  language = {english},
  owner = {yovany},
  timestamp = {2013.09.27}
}

@BOOK{Cap2Bib:PracticalScada,
  title = {Practical SCADA for Industry},
  publisher = {Newnes-Elsevier},
  year = {2003},
  author = {Bailey, David and Wright, Edwin},
  pages = {304},
  address = {Gran Bretaña},
  edition = {1},
  file = {:F\:\\Tesis bibliografia\\Practical_1_.SCADA.for.Industry.pdf:PDF},
  keywords = {Sistemas Scada en la práctica},
  language = {spanish},
  owner = {yovany},
  timestamp = {2013.09.24}
}

@BOOK{Cap2Bib:PAInternet,
  title = {Protocolos y aplicaciones de Internet},
  publisher = {UOC},
  year = {2008},
  author = {{Barceló Ordinas}, {José María} and {Íñigo Griera}, Jordi},
  pages = {238},
  edition = {1},
  chapter = {2},
  file = {:F\:\\Tesis bibliografia\\Practical_1_.SCADA.for.Industry.pdf:PDF},
  keywords = {Aplicaciones de Internet},
  language = {spanish},
  owner = {yovany},
  timestamp = {2013.09.24}
}

@TECHREPORT{Cap2Bib:TesisIzcoatl,
  author = {{Bolaños Gómez}, Itzcóatl},
  title = {Diseño espacial y estructural de una planta de tratamiento de aguas
	residuales para la Universidad Tecnológica de la Mixteca},
  institution = {Universidad Tecnológica de la Mixteca},
  year = {2006},
  type = {Tesis de licenciatura},
  address = {Huajuapan de León, Oaxaca, México},
  language = {spanish},
  owner = {yovany},
  timestamp = {2013.09.24}
}

@BOOK{Cap2Bib:BasesDatos,
  title = {Bases de datos},
  publisher = {UOC Formación de Posgrado},
  year = {2005},
  author = {{Camps Paré}, Rafael and {Casillas Santillán}, {Luis Alberto} and
	{Costal Costa}, Dolors and {Gibert Ginestà}, Marc and {Martín Escofet},
	Carme and {Pérez Mora}, Oscar},
  edition = {1},
  isbn = {9780764579509},
  lccn = {2004031058},
  owner = {yovany},
  timestamp = {2013.09.27}
}

@BOOK{Cap2Bib:Cisco,
  title = {Internetworking Technologies Handbook},
  publisher = {Cisco Press},
  year = {2004},
  author = {{Cisco Systems, Inc.}},
  pages = {1078},
  edition = {4},
  chapter = {2},
  file = {:F\:\\Tesis bibliografia\\Practical_1_.SCADA.for.Industry.pdf:PDF},
  keywords = {Introduction to LAN Protocols},
  language = {spanish},
  owner = {yovany},
  timestamp = {2013.09.24}
}

@BOOK{Cap2Bib:Coughlin,
  title = {Amplificadores operacionales y circuitos integrados lineales},
  publisher = {Pearson Educaci{\'o}n},
  year = {1999},
  author = {Coughlin, R.F. and Driscoll, F.F. and Guti{\'e}rrez, R.B.},
  pages = {538},
  edition = {5},
  isbn = {9789701702673},
  keywords = {Operacionales},
  owner = {yovany},
  timestamp = {2013.09.27}
}

@BOOK{Cap2Bib:Java,
  title = {Java How to Program},
  publisher = {Prentice Hall},
  year = {2004},
  author = {Deitel, {Harvey M.} and Deitel, {Paul J.}},
  pages = {540},
  edition = {6},
  file = {:F\:\\Tesis bibliografia\\Practical_1_.SCADA.for.Industry.pdf:PDF},
  keywords = {Java},
  language = {spanish},
  owner = {yovany},
  timestamp = {2013.09.24}
}

@ARTICLE{Cap2Bib:Esarda,
  author = {{ESARDA Working Groups}},
  title = {Guidelines for Developing Unattended and Remote Monitoring and Measurement},
  journal = {ESARDA},
  year = {2000},
  month = {december},
  file = {:C\:\\Users\\WhoLeeO\\Documents\\tesisActual\\Documentos LateX\\Tesis\\bibliografia\\Berg, A The promise and challenge of Solid-State Lighting.pdf:PDF;:http\://scitation.aip.org/journals/doc/PHTOAD-ft/vol_54/iss_12/42_1.shtml:URL},
  keywords = {Guidelines for Developing Unattended and Remote Monitoring and Measurement},
  language = {english},
  owner = {yovany},
  timestamp = {2013.09.24}
}

@BOOK{Cap2Bib:CommEmpresa,
  title = {Las Comunicaciones en la Empresa: Normas, Redes y Servicios},
  publisher = {Ra-Ma, Libreria y Editorial Microninfomatica},
  year = {2003},
  author = {Espi{\~n}eira, {P.M.}},
  isbn = {9788478975419},
  keywords = {Comunicaciones: Modbus y RS232.},
  owner = {yovany},
  timestamp = {2013.10.18}
}

@BOOK{Cap2Bib:Automatizacion,
  title = {La automatizaci{\'o}n en la ingenier{\'\i}a qu{\'\i}mica},
  publisher = {Univ. Polit{\`e}c. de Catalunya},
  year = {2010},
  author = {{Guadayol Cunill}, J.M.},
  edition = {1},
  isbn = {9788498804027},
  owner = {yovany},
  timestamp = {2013.09.29}
}

@BOOK{Cap2Bib:Hayt,
  title = {Engineering Circuit Analysis},
  publisher = {MCGRAW-HILL Higher Education},
  year = {2012},
  author = {Hayt, {William Hart} and Hayt, William and Kemmerly, {Jack E.} and
	Durbin, {Steve M.}},
  pages = {852},
  edition = {8},
  isbn = {9780071317061},
  keywords = {Análisis de Circuitos},
  lccn = {2011009912},
  owner = {yovany},
  timestamp = {2013.09.27}
}

@BOOK{Cap2Bib:RedesComp,
  title = {Estructura de redes de computadores},
  publisher = {UOC},
  year = {2008},
  author = {{Íñigo Griera}, Jordi and {Barceló Ordinas}, {José María}},
  pages = {336},
  edition = {1},
  file = {:F\:\\Tesis bibliografia\\Practical_1_.SCADA.for.Industry.pdf:PDF},
  keywords = {Redes de computadores},
  language = {spanish},
  owner = {yovany},
  timestamp = {2013.09.24}
}

@TECHREPORT{Cap2Bib:CA3140,
  author = {{Intersil}},
  title = {CA3140, CA3140A: 4.5MHz, BiMOS Operational Amplifier with MOSFET
	Input/Bipolar Output},
  year = {2005},
  type = {Datasheet},
  number = {FN957.10},
  file = {:Atmel Corporation AT90PWM232B3B.pdf:PDF;:http\://www.atmel.com/dyn/resources/prod_documents/doc4317.pdf:URL},
  keywords = {datasheet, MCU},
  language = {english},
  owner = {yovany},
  timestamp = {2013.09.27}
}

@BOOK{Cap2Bib:NetworkProtocols,
  title = {Network Protocols Handbook},
  publisher = {Javvin},
  year = {2005},
  author = {{Javvin Technologies Inc.}},
  pages = {340},
  edition = {2},
  file = {:F\:\\Tesis bibliografia\\Practical_1_.SCADA.for.Industry.pdf:PDF},
  keywords = {OSI a profundidad, parecido a CISCO},
  language = {spanish},
  owner = {yovany},
  timestamp = {2013.09.26}
}

@BOOK{Cap2Bib:Tratamiento,
  title = {Tratamiento de aguas industriales: aguas de proceso y residuales},
  publisher = {Marcombo},
  year = {1989},
  author = {Lapeña, M.R.},
  pages = {160},
  edition = {1},
  isbn = {9788426707406},
  owner = {yovany},
  timestamp = {2013.09.29}
}

@BOOK{Cap2Bib:SWTesting,
  title = {Improving Software Testing: Technical and Organizational Developments},
  publisher = {Springer},
  year = {2012},
  author = {Majchrzak, T.A.},
  series = {SpringerBriefs in Information Systems},
  isbn = {9783642274633},
  lccn = {2011946088},
  owner = {yovany},
  timestamp = {2013.10.23},
  url = {http://books.google.com.mx/books?id=elYTKcDjgdIC}
}

@TECHREPORT{Cap2Bib:MAX489,
  author = {{MAXIM}},
  title = {Low-Power, Slew-Rate-Limited RS-485/RS-422 Transceivers},
  year = {2003},
  type = {Datasheet},
  number = {19-0122},
  file = {:Atmel Corporation AT90PWM232B3B.pdf:PDF;:http\://www.atmel.com/dyn/resources/prod_documents/doc4317.pdf:URL},
  keywords = {datasheet, MAX489},
  language = {english},
  owner = {yovany},
  timestamp = {2013.09.27}
}

@BOOK{Cap2Bib:Javascript,
  title = {Javascript},
  publisher = {Innovaci{\'o}n y Cualificaci{\'o}n, S.L.},
  year = {2012},
  author = {Maza, M. {\'A}. S.},
  pages = {186},
  series = {Certificado de profesionalidad},
  edition = {1},
  isbn = {9788495733184},
  owner = {yovany},
  timestamp = {2013.09.27}
}

@TECHREPORT{Cap2Bib:TesisDavid,
  author = {Méndez Bautista, David},
  title = {Sistema de comunicaciones basado en ethernet para el control de sistemas
	empotrados},
  institution = {Universidad Tecnológica de la Mixteca},
  year = {2009},
  type = {Tesis de licenciatura},
  address = {Huajuapan de León, Oaxaca, México},
  language = {spanish},
  owner = {yovany},
  timestamp = {2013.09.24}
}

@TECHREPORT{Cap2Bib:OD,
  author = {{Mettler Toledo}},
  title = {In{P}ro 6800 {S}eries {O}2 {S}ensors: Instruction manual},
  year = {2005},
  type = {Datasheet},
  number = {InPro 6800, 52 200 953},
  address = {Switzerland},
  file = {:Atmel Corporation AT90PWM232B3B.pdf:PDF;:http\://www.atmel.com/dyn/resources/prod_documents/doc4317.pdf:URL},
  keywords = {datasheet, MCU},
  language = {english},
  owner = {yovany},
  timestamp = {2009.03.24}
}

@TECHREPORT{Cap2Bib:Modbus2,
  author = {{MODICON, Inc., Industrial Automation Systems}},
  title = {{Modbus over Serial Line: Specification and Implementation Guide}},
  year = {2006},
  type = {Specification and Implementation Guide},
  number = {V1.02},
  file = {:Atmel Corporation AT90PWM232B3B.pdf:PDF;:http\://www.atmel.com/dyn/resources/prod_documents/doc4317.pdf:URL},
  keywords = {Modbus sobre una línea serial},
  language = {english},
  owner = {yovany},
  timestamp = {2013.09.26}
}

@TECHREPORT{Cap2Bib:Modbus3,
  author = {{MODICON, Inc., Industrial Automation Systems}},
  title = {{Modbus} {A}pplication {P}rotocol {S}pecification},
  year = {2006},
  type = {Application Protocol Specification},
  number = {V1.1b},
  file = {:Atmel Corporation AT90PWM232B3B.pdf:PDF;:http\://www.atmel.com/dyn/resources/prod_documents/doc4317.pdf:URL},
  keywords = {Especificación de protocolo},
  language = {english},
  owner = {yovany},
  timestamp = {2013.09.26}
}

@TECHREPORT{Cap2Bib:Modbus1,
  author = {{MODICON, Inc., Industrial Automation Systems}},
  title = {{Modicon Modbus Protocol Reference Guide}},
  year = {1996},
  type = {Reference Guide},
  number = {PI-MBUS-300 Rev. J},
  file = {:Atmel Corporation AT90PWM232B3B.pdf:PDF;:http\://www.atmel.com/dyn/resources/prod_documents/doc4317.pdf:URL},
  keywords = {Modbus en general},
  language = {english},
  owner = {yovany},
  timestamp = {2009.03.24}
}

@TECHREPORT{Cap2Bib:LM35,
  author = {{National Semiconductor Corporation}},
  title = {LM35, Precision Centigrade Temperature Sensors},
  year = {1994},
  type = {Datasheet},
  number = {TL/H/5516},
  month = {December},
  file = {:Atmel Corporation AT90PWM232B3B.pdf:PDF;:http\://www.atmel.com/dyn/resources/prod_documents/doc4317.pdf:URL},
  keywords = {datasheet, LM35},
  language = {english},
  owner = {yovany},
  timestamp = {2013.09.27}
}

@BOOK{Cap2Bib:CMMI,
  title = {Introduction to Software Process Improvement},
  publisher = {Springer},
  year = {2010},
  author = {O'Regan, Gerard},
  pages = {270},
  series = {Undergraduate topics in computer science},
  edition = {1},
  isbn = {9780857291721},
  keywords = {Todo sobre CMMI},
  owner = {yovany},
  timestamp = {2013.09.27}
}

@BOOK{Cap2Bib:DataCommunications,
  title = {Practical Data Communications for Instrumentation and Control},
  publisher = {Newnes-Elsevier},
  year = {2003},
  author = {Park, John and Mackay, Steve and Wright, Edwin},
  pages = {400},
  edition = {1},
  file = {:F\:\\Tesis bibliografia\\Practical_1_.SCADA.for.Industry.pdf:PDF},
  keywords = {Protocolos, OSI, Comunicación Serie y Modbus Principalmente},
  language = {spanish},
  owner = {yovany},
  timestamp = {2013.09.26}
}

@BOOK{Cap2Bib:SistemasScada,
  title = {Sistemas SCADA},
  publisher = {Marcombo},
  year = {2007},
  author = {{Rodríguez Penin}, Aquilino},
  edition = {2},
  file = {:F\:\\Tesis bibliografia\\Practical_1_.SCADA.for.Industry.pdf:PDF},
  keywords = {Sistemas SCADA},
  language = {spanish},
  owner = {yovany},
  timestamp = {2013.09.24}
}

@ARTICLE{Cap2Bib:Schneider,
  author = {{Schneider-Electric}},
  title = {Solutions for water treatment plants and pumping stations, achieve
	energy efficiency without sacrificing performance},
  journal = {Schneider Electric - Global Marketing Communications Strategy \&
	Design},
  year = {2011},
  number = {ART.960526},
  month = {march},
  file = {:C\:\\Users\\WhoLeeO\\Documents\\tesisActual\\Documentos LateX\\Tesis\\bibliografia\\Haitz, R The case of a national research program on semiconductor lighting.pdf:PDF;:http\://lighting.sandia.gov/lightingdocs/hpsnl_long.pdf:URL},
  language = {english},
  owner = {yovany},
  timestamp = {2013.09.29},
  url = {http://www.schneider-electric.com.mx/documents/solutions/segment/plantas-de-tratamientos-de-agua.pdf}
}

@TECHREPORT{Cap2Bib:Voffset,
  author = {Scholten, Mark},
  title = {{LED Constant Current Source Scheme: Theory of Operation}},
  institution = {Semiconductor Components Industries},
  year = {2003},
  type = {Application Note},
  number = {AND8109/D},
  month = {January},
  file = {:Atmel Corporation AT90PWM232B3B.pdf:PDF;:http\://www.atmel.com/dyn/resources/prod_documents/doc4317.pdf:URL},
  keywords = {Voffset},
  language = {english},
  owner = {yovany},
  timestamp = {2009.03.24}
}

@MISC{Cap2Bib:NOM001,
  author = {{Secretaría de Medio Ambiente y Recursos Naturales (SEMARNAT)}},
  title = {NORMA Oficial Mexicana NOM-001-ECOL-1996},
  howpublished = {\url{http://biblioteca.semarnat.gob.mx/janium/Documentos/Ciga/agenda/DOFsr/60197.pdf}},
  year = {1996},
  note = {Pág. 70},
  keywords = {SEMARNAT},
  language = {english},
  owner = {yovany},
  timestamp = {2013.09.24}
}

@TECHREPORT{Cap2Bib:PHElectrode,
  author = {Seitz, Jason},
  title = {Application {N}ote {AN}-1852: {D}esigning with p{H} {E}lectrodes},
  institution = {National Semiconductor Corporation},
  year = {2008},
  type = {Application Note},
  number = {Application Note 1852},
  month = {september},
  file = {:Atmel Corporation AT90PWM232B3B.pdf:PDF;:http\://www.atmel.com/dyn/resources/prod_documents/doc4317.pdf:URL},
  keywords = {datasheet, MCU},
  language = {english},
  owner = {yovany},
  timestamp = {2009.03.24}
}

@BOOK{Cap2Bib:MySQL,
  title = {Beginning MySQL},
  publisher = {Wiley},
  year = {2005},
  author = {Sheldon, R. and Moes, G.},
  pages = {840},
  series = {Programmer to programmer},
  edition = {1},
  isbn = {9780764579509},
  lccn = {2004031058},
  owner = {yovany},
  timestamp = {2013.09.27}
}

@BOOK{Cap2Bib:FundamentosBasesDatos,
  title = {Fundamentos de bases de datos},
  publisher = {McGraw Hill},
  year = {2002},
  author = {SILBERSCHATZ, A.A. and KORTH, H.F.A. and SUDARSHAN, S.A.},
  pages = {787},
  edition = {4},
  isbn = {9788448136543},
  owner = {yovany},
  timestamp = {2013.09.27}
}

@BOOK{Cap2Bib:sommerville,
  title = {Ingenier{\'\i}a del software},
  publisher = {Pearson Educaci{\'o}n},
  year = {2005},
  author = {Sommerville, I. and Galipienso, M.I.A.},
  series = {Fuera de colecci{\'o}n Out of series},
  isbn = {9788478290741},
  owner = {yovany},
  timestamp = {2013.09.27}
}

@BOOK{Cap2Bib:Metcalf,
  title = {Wastewater Engineering: Treatment and Reuse},
  publisher = {McGraw-Hill Education},
  year = {2004},
  author = {Tchobanoglous, G. and Burton, F.L. and Metcalf \& Eddy and Stensel,
	H.D.},
  series = {McGraw-Hill Series in Civil and Environmental Engineering},
  isbn = {9780071241403},
  lccn = {2001053724},
  owner = {yovany},
  timestamp = {2013.10.23},
  url = {http://books.google.com.mx/books?id=U9OmPwAACAAJ}
}

@TECHREPORT{Cap2Bib:MAX232,
  author = {{Texas Instruments}},
  title = {MAX232, MAX232I: DUAL EIA-232 DRIVERS/RECEIVERS},
  year = {2004},
  type = {Datasheet},
  number = {SLLS047I},
  file = {:Atmel Corporation AT90PWM232B3B.pdf:PDF;:http\://www.atmel.com/dyn/resources/prod_documents/doc4317.pdf:URL},
  keywords = {datasheet, MAX232},
  language = {english},
  owner = {yovany},
  timestamp = {2013.09.27}
}

@TECHREPORT{Cap2Bib:TL081,
  author = {{Texas Instruments}},
  title = {TL081, JFET-input operational amplifier},
  year = {2004},
  type = {Datasheet},
  number = {SLOS081G},
  file = {:Atmel Corporation AT90PWM232B3B.pdf:PDF;:http\://www.atmel.com/dyn/resources/prod_documents/doc4317.pdf:URL},
  keywords = {datasheet, TL081},
  language = {english},
  owner = {yovany},
  timestamp = {2013.09.27}
}

@TECHREPORT{Cap2Bib:DAC0808,
  author = {{Texas Instruments}},
  title = {DAC0808 8-Bit D/A Converter},
  year = {2001},
  type = {Datasheet},
  number = {SNAS539A},
  file = {:Atmel Corporation AT90PWM232B3B.pdf:PDF;:http\://www.atmel.com/dyn/resources/prod_documents/doc4317.pdf:URL},
  keywords = {datasheet, DAC0808},
  language = {english},
  owner = {yovany},
  timestamp = {2013.09.27}
}

@BOOK{Cap2Bib:ProtocolEngineering,
  title = {Communication Protocol Engineering},
  publisher = {Prentice Hall},
  year = {2005},
  author = {Venkataram, Pallapa and {S. Manvi}, Sunilkumar},
  pages = {304},
  edition = {1},
  file = {:F\:\\Tesis bibliografia\\Practical_1_.SCADA.for.Industry.pdf:PDF},
  keywords = {Definiciones generales de protocolos},
  language = {spanish},
  owner = {yovany},
  timestamp = {2013.09.26}
}

@MISC{Cap2Bib:PresionB,
  author = {{Wikipedia}},
  title = {Atmospheric pressure},
  howpublished = {\url{http://en.wikipedia.org/wiki/Atmospheric_pressure}},
  month = {september},
  year = {2013},
  file = {:http\://www.lumileds.com/technology/glossary/:URL},
  keywords = {Presión Barométrica},
  language = {english},
  organization = {Philips Lumileds Lighting Company},
  owner = {yovany},
  timestamp = {2013.09.30}
}

@BOOK{Cap2Bib:Yii2,
  title = {Web Application Development with Yii and PHP},
  publisher = {Packt},
  year = {2012},
  author = {Jeffery Winesett},
  pages = {332},
  edition = {2},
  file = {:F\:\\Tesis bibliografia\\Practical_1_.SCADA.for.Industry.pdf:PDF},
  keywords = {Framework Yii},
  language = {spanish},
  owner = {yovany},
  timestamp = {2013.09.24}
}

@INBOOK{Cap2Bib:ApDistribuidas,
  chapter = {1},
  pages = {13--44},
  title = {El Paradigma de la Computación Distribuida},
  publisher = {Publicaciones Delta},
  year = {2008},
  author = {Xhafa, Fatos and Caballé, Santi},
  edition = {1},
  file = {:F\:\\Tesis bibliografia\\Practical_1_.SCADA.for.Industry.pdf:PDF},
  keywords = {Computación Distribuida},
  language = {spanish},
  owner = {yovany},
  timestamp = {2013.09.24}
}

@BOOK{Cap2Bib:Yii1,
  title = {The Definitive Guide to Yii 1.1},
  publisher = {Yii Framework},
  year = {2012},
  author = {Xue, Qiang and {Wei Zhuo}, Xiang},
  pages = {253},
  edition = {1},
  file = {:F\:\\Tesis bibliografia\\Practical_1_.SCADA.for.Industry.pdf:PDF},
  keywords = {Framework Yii Oficial},
  language = {spanish},
  owner = {yovany},
  timestamp = {2013.09.24}
}

@BOOK{Cap2Bib:IndustrialCT,
  title = {Industrial Control Technology},
  publisher = {William Andrew},
  year = {2008},
  author = {Zhang, Peng},
  edition = {1},
  file = {:F\:\\Tesis bibliografia\\Practical_1_.SCADA.for.Industry.pdf:PDF},
  keywords = {Industrial Control Technology},
  language = {spanish},
  owner = {yovany},
  timestamp = {2013.09.24}
}

@BOOK{Cap2Bib:EmbeddedSystems,
  title = {Embedded Systems Handbook, Second Edition: Networked Embedded Systems},
  publisher = {Taylor \& Francis},
  year = {2009},
  author = {Zurawski, Richard},
  pages = {837},
  series = {Embedded Systems Handbook},
  edition = {2},
  isbn = {9781439807620},
  keywords = {Sistemas Embebidos},
  lccn = {2008049535},
  owner = {yovany},
  timestamp = {2013.09.27}
}

